<record><leader>00000cas a2200000 a 4500</leader><controlfield tag="001">13344143</controlfield><controlfield tag="008">860325d18uu1968iluwr ne      0   a0eng c</controlfield><datafield ind1=" " ind2=" " tag="010"><subfield code="a">sn 86086411 </subfield></datafield><datafield ind1=" " ind2=" " tag="040"><subfield code="a">NPV</subfield><subfield code="b">eng</subfield><subfield code="c">NPV</subfield><subfield code="d">NVF</subfield><subfield code="d">CNK</subfield><subfield code="d">MHN</subfield><subfield code="d">OCL</subfield><subfield code="d">NVF</subfield><subfield code="d">OCLCF</subfield><subfield code="d">OCLCO</subfield><subfield code="d">NVF</subfield></datafield><datafield ind1=" " ind2=" " tag="042"><subfield code="a">pcc</subfield></datafield><datafield ind1=" " ind2=" " tag="043"><subfield code="a">n-us-il</subfield></datafield><datafield ind1=" " ind2=" " tag="045"><subfield code="a">w9x6</subfield></datafield><datafield ind1="0" ind2=" " tag="130"><subfield code="a">Pike County Republican (Pittsfield, Ill.)</subfield></datafield><datafield ind1="1" ind2="0" tag="245"><subfield code="a">Pike County Republican.</subfield></datafield><datafield ind1=" " ind2=" " tag="260"><subfield code="a">Pittsfield, Pike County, Ill. :</subfield><subfield code="b">W.A. Olson</subfield></datafield><datafield ind1=" " ind2=" " tag="300"><subfield code="a">v.</subfield></datafield><datafield ind1=" " ind2=" " tag="310"><subfield code="a">Weekly,</subfield><subfield code="b">Aug. 3, 1955-1968</subfield></datafield><datafield ind1=" " ind2=" " tag="321"><subfield code="a">Weekly,</subfield><subfield code="b">&lt;May 27, 1897&gt;-June 22, 1949</subfield></datafield><datafield ind1=" " ind2=" " tag="321"><subfield code="a">Semiweekly,</subfield><subfield code="b">June 29, 1949-July 28, 1955</subfield></datafield><datafield ind1="0" ind2=" " tag="362"><subfield code="a">-Mar. 27, 1968.</subfield></datafield><datafield ind1=" " ind2=" " tag="500"><subfield code="a">Issue for June 10, 1942 called: Centennial ed.</subfield></datafield><datafield ind1=" " ind2=" " tag="515"><subfield code="a">Issues for &lt;Jan. 5, 1916&gt;-May 31, 1933 called also no. 1118-3024.</subfield></datafield><datafield ind1=" " ind2=" " tag="580"><subfield code="a">Merged with: Pike County Democrat-times, to form: Pike press.</subfield></datafield><datafield ind1=" " ind2=" " tag="588"><subfield code="a">Description based on: 32nd year, no. 151 (May 27, 1897).</subfield></datafield><datafield ind1=" " ind2="0" tag="651"><subfield code="a">Pittsfield (Ill.)</subfield><subfield code="v">Newspapers.</subfield></datafield><datafield ind1=" " ind2="0" tag="651"><subfield code="a">Pike County (Ill.)</subfield><subfield code="v">Newspapers.</subfield></datafield><datafield ind1=" " ind2="7" tag="651"><subfield code="a">Illinois</subfield><subfield code="z">Pike County.</subfield><subfield code="2">fast</subfield><subfield code="0">(OCoLC)fst01206336</subfield></datafield><datafield ind1=" " ind2="7" tag="651"><subfield code="a">Illinois</subfield><subfield code="z">Pittsfield.</subfield><subfield code="2">fast</subfield><subfield code="0">(OCoLC)fst01226733</subfield></datafield><datafield ind1=" " ind2="7" tag="655"><subfield code="a">Newspapers.</subfield><subfield code="2">fast</subfield><subfield code="0">(OCoLC)fst01423814</subfield></datafield><datafield ind1=" " ind2=" " tag="752"><subfield code="a">United States</subfield><subfield code="b">Illinois</subfield><subfield code="c">Pike County</subfield><subfield code="d">Pittsfield.</subfield></datafield><datafield ind1="1" ind2="7" tag="785"><subfield code="t">Pike County Democrat-times</subfield><subfield code="w">(DLC)sn 93055763</subfield><subfield code="w">(OCoLC)28514634</subfield></datafield><datafield ind1="1" ind2="7" tag="785"><subfield code="t">Pike press</subfield><subfield code="w">(DLC)sn 93055764</subfield><subfield code="w">(OCoLC)28514709</subfield></datafield><datafield ind1="1" ind2=" " tag="029"><subfield code="a">AU@</subfield><subfield code="b">000020236502</subfield></datafield></record>